@article{Lakzian2019PCFD,
Author = {Lakzian, Esmail and Estiri, Ayda and Niazi, Mostafa},
Title = {{Investigation of numerical simulation of non-Newtonian flows dam break
   and dam breach in open channels using modified VOF method}},
Journal = {{Progress in Computational Fluid Dynamics}},
Year = {{2019}},
Volume = {{19}},
Number = {{4}},
Pages = {{220-234}},
}
@article{ Ancey2009JNFM,
Author = {Ancey, Christophe and Cochard, Steve},
Title = {{The dam-break problem for Herschel-Bulkley viscoplastic fluids down
   steep flumes}},
Journal = {{Journal of Non-Newtonian Fluid Mechanics}},
Year = {{2009}},
Volume = {{158}},
Number = {{1-3, SI}},
Pages = {{18-35}},
DOI = {{10.1016/j.jnnfm.2008.08.008}},
}
@article{Ancey2012AWR,
Author = {Ancey, C. and Andreini, N. and Epely-Chauvin, G.},
Title = {{Viscoplastic dambreak waves: Review of simple computational approaches
   and comparison with experiments}},
Journal = {{Advances in Water Resources}},
Year = {{2012}},
Volume = {{48}},
Pages = {{79-91}},
DOI = {{10.1016/j.advwatres.2012.03.015}},
}
@article{Liu2016JNFM,
Author = {Liu, Y. and Balmforth, N. J. and Hormozi, S. and Hewitt, D. R.},
Title = {{Two-dimensional viscoplastic dambreaks}},
Journal = {{Journal of Non-Newtonian Fluid Mechanics}},
Year = {{2016}},
Volume = {{238}},
Number = {{SI}},
Pages = {{65-79}},
DOI = {{10.1016/j.jnnfm.2016.05.008}},
}
@article{Rico2008JHM,
Author = {Rico, M. and Benito, G. and Diez-Herrero, A.},
Title = {{Floods from tailings dam failures}},
Journal = {{Journal of Hazardous Materials}},
Year = {{2008}},
Volume = {{154}},
Number = {{1-3}},
Pages = {{79-87}},
DOI = {{10.1016/j.jhazmat.2007.09.110}},
}
